<record><leader>00000cas a22000007a 4500</leader><controlfield tag="001">11194239</controlfield><controlfield tag="008">840925d18601864iauwr ne      0    0eng d</controlfield><controlfield tag="009">3768</controlfield><datafield ind1=" " ind2=" " tag="010"><subfield code="a">sn 84038168 </subfield></datafield><datafield ind1=" " ind2=" " tag="040"><subfield code="a">NPX</subfield><subfield code="b">eng</subfield><subfield code="c">NPX</subfield><subfield code="d">INP</subfield><subfield code="d">OCLCQ</subfield></datafield><datafield ind1=" " ind2=" " tag="042"><subfield code="a">msc</subfield></datafield><datafield ind1="0" ind2="4" tag="245"><subfield code="a">The Fort Dodge Republican.</subfield></datafield><datafield ind1="1" ind2="3" tag="246"><subfield code="a">Ft. Dodge Republican</subfield><subfield code="f">Oct. 31, 1860-May 18, 1864</subfield></datafield><datafield ind1="1" ind2="3" tag="246"><subfield code="a">Republican</subfield><subfield code="f">May 25, 1864-&lt;Sept. 7, 1864&gt;</subfield></datafield><datafield ind1=" " ind2=" " tag="260"><subfield code="a">Fort Dodge, Iowa :</subfield><subfield code="b">Ingersoll &amp; Logan,</subfield><subfield code="c">1860-</subfield></datafield><datafield ind1=" " ind2=" " tag="300"><subfield code="a">v. :</subfield><subfield code="b">ill. ;</subfield><subfield code="c">53-59 cm.</subfield></datafield><datafield ind1=" " ind2=" " tag="310"><subfield code="a">Weekly</subfield></datafield><datafield ind1="0" ind2=" " tag="362"><subfield code="a">Vol. 1, no. 1 (Oct. 31, 1860)-</subfield></datafield><datafield ind1="1" ind2=" " tag="362"><subfield code="a">Ceased in 1864?</subfield><subfield code="z">Cf. Bibl. of Iowa newspapers.</subfield></datafield><datafield ind1=" " ind2=" " tag="500"><subfield code="a">Publisher varies.</subfield></datafield><datafield ind1=" " ind2=" " tag="525"><subfield code="a">Includes occasional supplements.</subfield></datafield><datafield ind1=" " ind2=" " tag="752"><subfield code="a">United States</subfield><subfield code="b">Iowa</subfield><subfield code="c">Webster</subfield><subfield code="d">Fort Dodge.</subfield></datafield><datafield ind1="0" ind2="5" tag="780"><subfield code="t">Fort Dodge sentinel</subfield><subfield code="w">(DLC)sn 82015776</subfield></datafield><datafield ind1="0" ind2="0" tag="785"><subfield code="t">Iowa north west</subfield><subfield code="w">(DLC)sn 84038167</subfield></datafield></record>